% Encoding: UTF-8
%% This BibTeX bibliography file was created using BibDesk.
%% http://bibdesk.sourceforge.net/
%% Saved with string encoding Unicode (UTF-8) 

@manual{Ecma398,
	Date-Added = {2015-02-13 05:16:50 +0000},
	Date-Modified = {2015-02-13 05:21:52 +0000},
	Keywords = {TransferJet},
	Month = {6},
	Organization = {Std. ECMA-398},
	Title = {Close Proximity Electric Induction Wireless Communications},
	Year = {2011}}

@book{Emami-UWB,
	Author = {Emami, S.},
	Publisher = {Springer},
	Series = {SpringerLink : B{\"u}cher},
	Title = {{UWB Communication Systems: Conventional and 60 GHz: Principles, Design and Standards}},
	Url = {https://books.google.co.kr/books?id=iSk\_AAAAQBAJ},
	Year = {2013}}

@article{Mirollo:1990,
	Acmid = {95570},
	Address = {Philadelphia, PA, USA},
	Annote = {FireFly model},
	Author = {Mirollo, Renato E. and Strogatz, Steven H.},
	Issue_Date = {Dec. 1990},
	Journal = {SIAM J. Appl. Math.},
	Month = {Nov.},
	Number = {6},
	Numpages = {18},
	Pages = {1645--1662},
	Publisher = {Society for Industrial and Applied Mathematics},
	Rating = {4},
	Title = {Synchronization of Pulse-coupled Biological Oscillators},
	Volume = {50},
	Year = {1990}}

@article{Elson:2002,
	Acmid = {844143},
	Address = {New York, NY, USA},
	Author = {Elson, Jeremy and Girod, Lewis and Estrin, Deborah},
	Date-Added = {2015-02-06 10:45:04 +0000},
	Date-Modified = {2015-02-06 10:47:19 +0000},
	Doi = {10.1145/844128.844143},
	Issn = {0163-5980},
	Issue_Date = {Winter 2002},
	Journal = {SIGOPS Oper. Syst. Rev.},
	Month = {Dec.},
	Number = {SI},
	Numpages = {17},
	Pages = {147--163},
	Publisher = {ACM},
	Read = {1},
	Title = {Fine-grained Network Time Synchronization Using Reference Broadcasts},
	Volume = {36},
	Year = {2002}}

@article{Schenato2007,
	Author = {Schenato, L. and Gamba, G.},
	Journal = {2007 46th IEEE Conference on Decision and Control},
	Title = {{A distributed consensus protocol for clock synchronization in wireless sensor network}},
	Year = {2007}}

@inproceedings{Kwak2014,
	Author = {Kwak, Byung-jae and Kim, Junhyuk and Kim, Kyounghye and Rhee, June-koo Kevin and Chang, Kapseok and Lee, Moon-sik},
	Pages = {1--4},
	Title = {{완전 분산형 무선통신 네트워크 동기화 방법에 관한 연구}},
	Year = {2014}}

@phdthesis{Tyrrell2009,
	Author = {Tyrrell, A.},
	School = {University Klagenfurt},
	Title = {{Firefly Synchronization in Wireless Networks}},
	Year = {2009}}

@Comment{jabref-meta: databaseType:bibtex;}
